\begin{thebibliography}{99}

\bibitem{UAEMex}
Universidad Autónoma del Estado de México. (s.f.). Sensores y transductores. Recuperado de \url{http://ri.uaemex.mx/bitstream/handle/20.500.11799/63817/secme-29743.pdf}

\bibitem{OMCH}
OMCH. (s.f.). Codificador rotatorio incremental. Recuperado de \url{https://www.omch.com}

\bibitem{Potenciometro}
Wikipedia. (s.f.). Potenciómetro. Recuperado de \url{https://es.wikipedia.org/wiki/Potenci%C3%B3metro}

\bibitem{LVDT}
National Instruments. (s.f.). ¿Qué es un LVDT (transductor de desplazamiento lineal variable)? Recuperado de \url{https://www.ni.com/es-mx/innovations/lvdt.html}

\bibitem{Resolver}
OMRON. (s.f.). ¿Qué es un resolver de un servomotor y cómo funciona el sensor? Recuperado de \url{https://industrial.omron.mx/es/news/resolver-servomotor}

\bibitem{EfectoHall}
SANDOROBOTICS. (s.f.). Sensor de Efecto Hall A3144E. Recuperado de \url{https://www.sandorobotics.com/sensores/efecto-hall-a3144e}

\bibitem{Galgas}
HBM. (s.f.). Galgas Extensiométricas Serie KY - HBM - Midebien. Recuperado de \url{https://www.hbm.com/es/galgas-extensiometricas-ky}

\bibitem{Piezoelectricos}
Electrónica Básica. (s.f.). ¿Qué es un sensor piezoeléctrico y para qué sirve? Recuperado de \url{https://www.electronicabasica.com/sensores-piezoelectricos}

\bibitem{LimiteE47}
Eaton. (s.f.). Interruptor de límite E47. Recuperado de \url{https://www.eaton.com/mx/es-mx/catalog/sensors/e47-limit-switch.html}

\bibitem{Neumatico}
SENGA. (s.f.). Interruptor neumático M-TV-2S. Recuperado de \url{https://www.senga.com/neumatic-switches}

\bibitem{PresionBCT22}
DISAILECO. (s.f.). Transductores de presión BCT22 ATEK - DISAILECO - RELECO - COMAT. Recuperado de \url{https://www.disaileco.com/sensores/presion-bct22}

\bibitem{Proximidad}
Pepperl+Fuchs. (s.f.). Sensores de Proximidad. Recuperado de \url{https://www.pepperl-fuchs.com/sensores-proximidad}

\bibitem{Ultrasonicos}
Pepperl+Fuchs. (s.f.). Sensores ultrasónicos - Medición de distancia sin contacto. Recuperado de \url{https://www.pepperl-fuchs.com/ultrasonicos}

\bibitem{Vision}
KEYENCE México. (s.f.). Sensor de Visión - Serie IV. Recuperado de \url{https://www.keyence.com.mx/sensor-vision-serie-iv}

\bibitem{MEMS}
Arrow Electronics. (s.f.). Giroscopio MEMS. Recuperado de \url{https://www.arrow.com/es/categories/sensores}

\bibitem{Acelerometro}
Omega Engineering. (s.f.). Acelerómetro. Recuperado de \url{https://es.omega.com/prodinfo/acelerometro}

\bibitem{LIDAR}
Tech Briefs. (s.f.). LIDAR System (Light Detection And Ranging) Working and Applications. Recuperado de \url{https://www.techbriefs.com/lidar-system}

\end{thebibliography}
